<record><leader>00000cas a2200000 a 4500</leader><controlfield tag="001">14138696</controlfield><controlfield tag="008">860825d18581869gauwr ne      0    0eng c</controlfield><datafield ind1=" " ind2=" " tag="010"><subfield code="a">sn 86077235 </subfield></datafield><datafield ind1=" " ind2=" " tag="040"><subfield code="a">NPA</subfield><subfield code="b">eng</subfield><subfield code="c">NPA</subfield><subfield code="d">NLG</subfield><subfield code="d">NYS</subfield><subfield code="d">FUG</subfield><subfield code="d">NVK</subfield><subfield code="d">OCL</subfield><subfield code="d">GUA</subfield><subfield code="d">CUI</subfield><subfield code="d">OCLCQ</subfield><subfield code="d">OCLCF</subfield></datafield><datafield ind1="1" ind2=" " tag="029"><subfield code="a">AU@</subfield><subfield code="b">000020236458</subfield></datafield><datafield ind1=" " ind2=" " tag="042"><subfield code="a">pcc</subfield></datafield><datafield ind1=" " ind2=" " tag="043"><subfield code="a">n-us-ga</subfield></datafield><datafield ind1=" " ind2="4" tag="050"><subfield code="a">AN</subfield></datafield><datafield ind1="0" ind2="0" tag="245"><subfield code="a">Weekly Georgia telegraph.</subfield></datafield><datafield ind1="3" ind2="0" tag="246"><subfield code="a">Georgia telegraph</subfield></datafield><datafield ind1="1" ind2="3" tag="246"><subfield code="a">Georgia weekly telegraph</subfield><subfield code="f">Aug. 23, 1860-</subfield></datafield><datafield ind1=" " ind2=" " tag="260"><subfield code="a">Macon [Ga.] :</subfield><subfield code="b">Joseph Clisby,</subfield><subfield code="c">[1858-1869]</subfield></datafield><datafield ind1=" " ind2=" " tag="300"><subfield code="a">v.</subfield></datafield><datafield ind1=" " ind2=" " tag="310"><subfield code="a">Weekly</subfield></datafield><datafield ind1="0" ind2=" " tag="362"><subfield code="a">Vol. 33, no. 1 (Sept. 21, 1858)-v. 44, no. 19 (Nov. 19, 1869).</subfield></datafield><datafield ind1=" " ind2=" " tag="500"><subfield code="a">The word "weekly" appears as part of the masthead ornament after Aug. 23, 1860.</subfield></datafield><datafield ind1=" " ind2=" " tag="500"><subfield code="a">Publisher varies: Telegraph Pub. house, &lt;Jan. 15, 1866&gt;-</subfield></datafield><datafield ind1=" " ind2=" " tag="500"><subfield code="a">Proprietor varies: William A. Reid &amp; Co., &lt;1866&gt;-</subfield></datafield><datafield ind1=" " ind2=" " tag="530"><subfield code="a">Also on microfilm: Athens, Ga. : University of Georgia Libraries.</subfield></datafield><datafield ind1=" " ind2=" " tag="580"><subfield code="a">Published concurrently with: Macon daily telegraph (Macon, Ga. : 1860), Feb. 1, 1860-Sept. 19, 1864; and: Macon daily telegraph (Macon, Ga. : 1865), May 11, 1865-Oct. 1869.</subfield></datafield><datafield ind1=" " ind2=" " tag="580"><subfield code="a">Merged with: Georgia journal and messenger, to form: Georgia weekly telegraph and Georgia journal &amp; messenger.</subfield></datafield><datafield ind1=" " ind2="0" tag="651"><subfield code="a">Macon (Ga.)</subfield><subfield code="v">Newspapers.</subfield></datafield><datafield ind1=" " ind2="0" tag="651"><subfield code="a">Bibb County (Ga.)</subfield><subfield code="v">Newspapers.</subfield></datafield><datafield ind1=" " ind2="7" tag="655"><subfield code="a">Newspapers.</subfield><subfield code="2">fast</subfield><subfield code="0">(OCoLC)fst01423814</subfield></datafield><datafield ind1=" " ind2="7" tag="651"><subfield code="a">Georgia</subfield><subfield code="z">Bibb County.</subfield><subfield code="2">fast</subfield><subfield code="0">(OCoLC)fst01207988</subfield></datafield><datafield ind1=" " ind2="7" tag="651"><subfield code="a">Georgia</subfield><subfield code="z">Macon.</subfield><subfield code="2">fast</subfield><subfield code="0">(OCoLC)fst01206924</subfield></datafield><datafield ind1=" " ind2=" " tag="752"><subfield code="a">United States</subfield><subfield code="b">Georgia</subfield><subfield code="c">Bibb</subfield><subfield code="d">Macon.</subfield></datafield><datafield ind1="0" ind2=" " tag="775"><subfield code="t">Semi-weekly telegraph and messenger</subfield><subfield code="w">(DLC)sn 86053060</subfield><subfield code="w">(OCoLC)13105142</subfield></datafield><datafield ind1="0" ind2=" " tag="775"><subfield code="t">Macon tri-weekly telegraph</subfield><subfield code="w">(DLC)sn 92061762</subfield><subfield code="w">(OCoLC)25660795</subfield></datafield><datafield ind1="1" ind2=" " tag="775"><subfield code="t">Macon daily telegraph (Macon, Ga. : 1860)</subfield><subfield code="w">(DLC)sn 82016437</subfield><subfield code="w">(OCoLC)9334411</subfield></datafield><datafield ind1="1" ind2=" " tag="775"><subfield code="t">Macon daily telegraph (Macon, Ga. : 1865)</subfield><subfield code="w">(DLC)sn 84025794</subfield><subfield code="w">(OCoLC)10422870</subfield></datafield><datafield ind1="0" ind2="8" tag="776"><subfield code="i">Online version:</subfield><subfield code="t">Weekly Georgia telegraph</subfield><subfield code="w">(OCoLC)192107385</subfield></datafield><datafield ind1="0" ind2="0" tag="780"><subfield code="t">Georgia telegraph (Macon, Ga. : 1844)</subfield><subfield code="w">(DLC)sn 88084081</subfield><subfield code="w">(OCoLC)18367619</subfield></datafield><datafield ind1="1" ind2="7" tag="785"><subfield code="t">Georgia journal and messenger</subfield><subfield code="w">(DLC)sn 85038491</subfield><subfield code="w">(OCoLC)1587398</subfield></datafield><datafield ind1="1" ind2="7" tag="785"><subfield code="t">Georgia weekly telegraph and Georgia journal &amp; messenger</subfield><subfield code="w">(DLC)sn 85034222</subfield><subfield code="w">(OCoLC)12565042</subfield></datafield></record>